@article{ref:comp6EMGsetup,
author = {Pizzolato, Stefano and Tagliapietra, Luca and Cognolato, Matteo and Reggiani, Monica and Müller, Henning and Atzori, Manfredo},
year = {2017},
month = {10},
pages = {e0186132},
title = {Comparison of six electromyography acquisition setups on hand movement classification tasks},
volume = {12},
journal = {PLOS ONE},
doi = {10.1371/journal.pone.0186132}
}

@article{ref:ninapro,
author = { Atzori Manfredo, Gijsberts Arjan, Castellini Claudio, Caputo Barbara, Hager Anne-Gabrielle Mittaz, Elsig Simone, Giatsidis Giorgio, Bassetto Franco, Müller Henning },
date = {2014/12/23},
year={2014},
month={12},
day={23},
title = {Electromyography data for non-invasive naturally-controlled robotic hand prostheses},
journal = {Scientific Data},
url = {https://doi.org/10.1038/sdata.2014.53}
}

@article{ref:diyCyberGlove,
 title= {Build a \$30k CyberGlove for \$40},
 author = {aloishis89},
 note = {https://www.instructables.com/Build-a-30k-CyberGlove-for-40-Submitted-by-Bay/}
}

@article{ref:KinMusUji,
author = { Jarque-Bou Néstor J., Vergara Margarita, Sancho-Bru Joaquín L., Gracia-Ibáñez Verónica, Roda-Sales Alba },
date = {2019/11/11},
year={2019},
month={11},
day={11},
title = {A calibrated database of kinematics and EMG of the forearm and hand during activities of daily living},
journal = {Scientific Data},
url = {https://doi.org/10.1038/s41597-019-0285-1}
}

@Article{ref:Ngeo2014,
author={Ngeo, Jimson G.
and Tamei, Tomoya
and Shibata, Tomohiro},
title={Continuous and simultaneous estimation of finger kinematics using inputs from an EMG-to-muscle activation model},
journal={Journal of NeuroEngineering and Rehabilitation},
year={2014},
month={Aug},
day={14},
volume={11},
number={1},
pages={122},
issn={1743-0003},
doi={10.1186/1743-0003-11-122},
url={https://doi.org/10.1186/1743-0003-11-122}
}

@article{ref:oculus1,
author={Ritesh Kanjee},
date={9/11/2019},
title={How Oculus uses AI for Hand Tracking},
year={2019},
month={11},
day={9}
}

@article{ref:oculus2,
author={Facebook AI},
title={Using deep neural networks for accurate hand-tracking on Oculus Quest},
year={2019},
month={9},
day={25}
}

@article{ref:oculus3,
title={How Accurate is Oculus Quest 2 Hand-tracking Feature?},
year={2021},
month={2},
day={9},
note={\url{https://www.youtube.com/watch?v=g8fGShHy3MA&ab_channel=SpookyFairy}}
}

@article{ref:oculus4,
title={Unity (game engine)},
author={Wikipedia},
year={2021},
month={4},
note={\url={https://en.wikipedia.org/w/index.php?title=Unity_(game_engine)&action=history}}
}

@article{ref:handAnatomicalAngles,
title = {ISB recommendation on definitions of joint coordinate systems of various joints for the reporting of human joint motion—Part II: shoulder, elbow, wrist and hand},
journal = {Journal of Biomechanics},
volume = {38},
number = {5},
pages = {981-992},
year = {2005},
issn = {0021-9290},
doi = {https://doi.org/10.1016/j.jbiomech.2004.05.042},
url = {https://www.sciencedirect.com/science/article/pii/S002192900400301X},
author = {Ge Wu and Frans C.T. {van der Helm} and H.E.J. {(DirkJan) Veeger} and Mohsen Makhsous and Peter {Van Roy} and Carolyn Anglin and Jochem Nagels and Andrew R. Karduna and Kevin McQuade and Xuguang Wang and Frederick W. Werner and Bryan Buchholz}
}

@Article{ref:Hioki2012,
author={Hioki, Masaaki
and Kawasaki, Haruhisa},
title={Estimation of Finger Joint Angles from sEMG Using a Neural Network Including Time Delay Factor and Recurrent Structure},
journal={ISRN Rehabilitation},
year={2012},
month={Mar},
day={14},
publisher={International Scholarly Research Network},
volume={2012},
pages={604314},
doi={10.5402/2012/604314},
url={https://doi.org/10.5402/2012/604314}
}


@Article{ref:identifiedEMGlocation,
author={Jarque-Bou, N{\'e}stor J.
and Vergara, Margarita
and Sancho-Bru, Joaqu{\'i}n L.
and Roda-Sales, Alba
and Gracia-Ib{\'a}{\~{n}}ez, Ver{\'o}nica},
title={Identification of forearm skin zones with similar muscle activation patterns during activities of daily living},
journal={Journal of NeuroEngineering and Rehabilitation},
year={2018},
month={Oct},
day={29},
volume={15},
number={1},
pages={91},
issn={1743-0003},
doi={10.1186/s12984-018-0437-0},
url={https://doi.org/10.1186/s12984-018-0437-0}
}


@article{ref:ADL1,
author = {Christer Sollerman and Arvid Ejeskär},
title = {Sollerman Hand Function Test: A Standardised Method and its Use in Tetraplegic Patients},
journal = {Scandinavian Journal of Plastic and Reconstructive Surgery and Hand Surgery},
volume = {29},
number = {2},
pages = {167-176},
year  = {1995},
publisher = {Taylor & Francis},
doi = {10.3109/02844319509034334},
    note ={PMID: 7569815},
URL = { 
        https://doi.org/10.3109/02844319509034334
},
eprint = { 
        https://doi.org/10.3109/02844319509034334
}
}


@article{ref:myoArmBand,
author={P. Visconti,  F. Gaetani,  G.A. Zappatore, P. Primiceri
and Kawasaki, Haruhisa},
title={Technical Features and Functionalities of Myo Armband: An Overview on Related Literature and Advanced Applications of Myoelectric Armbands Mainly Focused on Arm Prostheses},
journal={International Journal on Smart Sensing and Intelligent Systems.},
year={2018},
month={Sep},
day={3},
volume={11},
pages={1-25},
url={https://doi.org/10.21307/ijssis-2018-005}
}


@article{ref:electronics9122143,
AUTHOR = {Wong, Alex Ming Hui and Furukawa, Masahiro and Maeda, Taro},
TITLE = {Robustness of Rhythmic-Based Dynamic Hand Gesture with Surface Electromyography (sEMG) for Authentication},
JOURNAL = {Electronics},
VOLUME = {9},
YEAR = {2020},
NUMBER = {12},
ARTICLE-NUMBER = {2143},
URL = {https://www.mdpi.com/2079-9292/9/12/2143},
ISSN = {2079-9292}
}


@article{ref:Zhang2019,
author={Zhang, Zhen
and Yang, Kuo
and Qian, Jinwu
and Zhang, Lunwei},
title={Real-Time Surface EMG Pattern Recognition for Hand Gestures Based on an Artificial Neural Network},
journal={Sensors (Basel, Switzerland)},
year={2019},
month={Jul},
day={18},
publisher={MDPI},
volume={19},
number={14},
pages={3170},
note={31323888[pmid]},
note={PMC6679304[pmcid]},
note={s19143170[PII]},
issn={1424-8220},
doi={10.3390/s19143170},
url={https://pubmed.ncbi.nlm.nih.gov/31323888},
url={https://doi.org/10.3390/s19143170},
language={eng}
}

@article{ref:facebookPatent,
title={CAMERA - GUIDED INTERPRETATION OF NEUROMUSCULAR SIGNALS},
author = {Adam Berenzweig, Thomas Reardon, Christopher Osborn, Patrick Kaifosh, Brett Jurman, Daniel Wetmore},
year = {2021},
month = {Feb},
day = {2},
note={https://patents.google.com/patent/US20200073483A1/en}
}


@Article{ref:singleFingerGestPlusSignLang,
AUTHOR = {Gao, Qinghua and Jiang, Shuo and Shull, Peter B.},
TITLE = {Simultaneous Hand Gesture Classification and Finger Angle Estimation via a Novel Dual-Output Deep Learning Model},
JOURNAL = {Sensors},
VOLUME = {20},
YEAR = {2020},
NUMBER = {10},
ARTICLE-NUMBER = {2972},
URL = {https://www.mdpi.com/1424-8220/20/10/2972},
ISSN = {1424-8220},
DOI = {10.3390/s20102972}
}

@ARTICLE{ref:singleFingerGest1,
  author={Zhou, Yu and Zeng, Jia and Li, Kairu and Fang, Yinfeng and Liu, Honghai},
  journal={IEEE Transactions on Industrial Electronics}, 
  title={Voluntary and FES-Induced Finger Movement Estimation Using Muscle Deformation Features}, 
  year={2020},
  volume={67},
  number={5},
  pages={4002-4012},
  doi={10.1109/TIE.2019.2920595}
}
 
@ARTICLE{ref:singleFingerGest2,
  author={Huang, Youjia and Yang, Xingchen and Li, Yuefeng and Zhou, Dalin and He, Keshi and Liu, Honghai},
  journal={IEEE Journal of Biomedical and Health Informatics}, 
  title={Ultrasound-Based Sensing Models for Finger Motion Classification}, 
  year={2018},
  volume={22},
  number={5},
  pages={1395-1405},
  doi={10.1109/JBHI.2017.2766249}
}


@article{doi:SHFT,
author = {Christer Sollerman and Arvid Ejeskär},
title = {Sollerman Hand Function Test: A Standardised Method and its Use in Tetraplegic Patients},
journal = {Scandinavian Journal of Plastic and Reconstructive Surgery and Hand Surgery},
volume = {29},
number = {2},
pages = {167-176},
year  = {1995},
publisher = {Taylor & Francis},
doi = {10.3109/02844319509034334},
    note ={PMID: 7569815},

URL = { 
        https://doi.org/10.3109/02844319509034334
    
},
eprint = { 
        https://doi.org/10.3109/02844319509034334
    
}

}


@article{ref:signLang,
    author = {Rung-huei Liang and Ming Ouhyoung},
    title = {A sign language recognition system using hidden markov model and context sensitive search},
    booktitle = {Proceedings of the ACM Symposium on Virtual Reality Software and Technology},
    year = {1996},
    pages = {59--66},
    publisher = {Hongkong}
}


@article{ref:signLang2,
  doi = {10.3390/s20205807},
  url = {https://doi.org/10.3390/s20205807},
  year = {2020},
  month = oct,
  publisher = {{MDPI} {AG}},
  volume = {20},
  number = {20},
  pages = {5807},
  author = {Shigeyuki Tateno and Hongbin Liu and Junhong Ou},
  title = {Development of Sign Language Motion Recognition System for Hearing-Impaired People Using Electromyography Signal},
  journal = {Sensors}
}


@inproceedings{ref:signLang3,
  doi = {10.1145/1891903.1891926},
  url = {https://doi.org/10.1145/1891903.1891926},
  year = {2010},
  publisher = {{ACM} Press},
  author = {Yun Li and Xiang Chen and Jianxun Tian and Xu Zhang and Kongqiao Wang and Jihai Yang},
  title = {Automatic recognition of sign language subwords based on portable accelerometer and {EMG} sensors},
  booktitle = {International Conference on Multimodal Interfaces and the Workshop on Machine Learning for Multimodal Interaction on - {ICMI}-{MLMI} {\textquotesingle}10}
}


@article{ref:fingerMoveIdentification, Haque_2017, title={Finger Movement Identification Using EMG Signal on the Forearm}, volume={4}, url={https://journals.scholarpublishing.org/index.php/JBEMi/article/view/3528}, DOI={10.14738/jbemi.44.3528},number={4}, journal={Journal of Biomedical Engineering and Medical Imaging}, author={Shaikh, Naeem and Muhammad, Fida and Shamim, Muhammad Fahad and Shahid, Nageen and Omair, Syed Mohammad and Ul Haque, Muhammad Zeeshan}, year={2017}, month={Sep.}, pages={12} }

@article{ref:mvc,
  place = {NL},
  title = {Comparing two methods to record maximal voluntary contractions and different electrode positions in recordings of forearm extensor muscle activity: Refining risk assessments for work-related wrist disorders},
  volume = {59},
  ISSN = {10519815,  18759270},
  url = {https://doi.org/10.3233/WOR-172668},
  DOI = {10.3233/WOR-172668},
  number = {2},
  journal = {Work},
  publisher = {IOS Press},
  author = {Dahlqvist,  Camilla and Nordander,  Catarina and Granqvist,  Lothy and Forsman,  Mikael and Hansson,  Gert-Åke},
  year = {2018},
  month = Mar,
  pages = {231–242}
}


@article{ref:classification1,
  doi = {10.1155/2016/6481282},
  url = {https://doi.org/10.1155/2016/6481282},
  year = {2016},
  publisher = {Hindawi Limited},
  volume = {2016},
  pages = {1--7},
  author = {Aleksander Palkowski and Grzegorz Redlarski},
  title = {Basic Hand Gestures Classification Based on Surface Electromyography},
  journal = {Computational and Mathematical Methods in Medicine}
}

@article{ref:classification2,
  doi = {10.1016/j.bspc.2020.102210},
  url = {https://doi.org/10.1016/j.bspc.2020.102210},
  year = {2021},
  month = jan,
  publisher = {Elsevier {BV}},
  volume = {63},
  pages = {102210},
  author = {Jose Manuel Fajardo and Orlando Gomez and Flavio Prieto},
  title = {{EMG} hand gesture classification using handcrafted and deep features},
  journal = {Biomedical Signal Processing and Control}
}


@article{ref:classification3,
  title={A comparison of surface and intramuscular myoelectric signal classification},
  author={Hargrove, Levi J and Englehart, Kevin and Hudgins, Bernard},
  journal={IEEE transactions on biomedical engineering},
  volume={54},
  number={5},
  pages={847--853},
  year={2007},
  publisher={IEEE}
}

@article{ref:classification4,
  doi = {10.32474/oajbeb.2018.01.000104},
  url = {https://doi.org/10.32474/oajbeb.2018.01.000104},
  year = {2018},
  month = feb,
  publisher = {Lupine Publishers {LLC}},
  volume = {1},
  number = {1},
  author = {Christopher Spiewak},
  title = {A Comprehensive Study on {EMG} Feature Extraction and Classifiers},
  journal = {Open Access Journal of Biomedical Engineering and Biosciences}
}


@ARTICLE{ref:psd1,
  author={Welch, P.},
  journal={IEEE Transactions on Audio and Electroacoustics}, 
  title={The use of fast Fourier transform for the estimation of power spectra: A method based on time averaging over short, modified periodograms}, 
  year={1967},
  volume={15},
  number={2},
  pages={70-73},
  doi={10.1109/TAU.1967.1161901}
}

@ARTICLE{ref:psd2,
  author={O tis M. Solom on, Jr},
  title={PSD Computations
Using Welch’s Method}, 
  year={1991},
  note={https://www.osti.gov/servlets/purl/5688766/}
}

@ARTICLE{ref:masterThesisCedricSimar,
  author={Cédic Simar},
  title={Mental States Classification
Using Electroencephalographic Activity}, 
  year={2019},
  journal={Université libre de Bruxelles}
}

@incollection{ref:timeFreqDomain,
  doi = {10.1007/978-981-10-5122-7_124},
  url = {https://doi.org/10.1007/978-981-10-5122-7_124},
  year = {2017},
  month = jun,
  publisher = {Springer Singapore},
  pages = {494--497},
  author = {Annachiara Strazza and Federica Verdini and Laura Burattini and Sandro Fioretti and Francesco Di Nardo},
  title = {Time-frequency analysis of surface {EMG} signals for maximum energy localization during walking},
  booktitle = {{EMBEC} {\&} {NBC} 2017}
}

@article{ref:wikiTimeFreqDomain,
title={Time–frequency analysis},
author={Wikipédia},
note={https://en.wikipedia.org/wiki/Time\%E2\%80\%93frequency\_analysis#Formulations}
}
